@book{ DSMV,
  author = {{American Psychiatric Association}},
  shortauthor = {APA},
  address = {Arlington, VA},
  edition = {5th},
  title = {Diagnostic and statistical manual of mental disorders: {DSM-5}},
  publisher = {American Psychiatric Association},
  year = {2013}
}